
@STRING{jgr = "Journal of Geophysical Research"}
@STRING{grl = "Geophysical Research Letters"}

@article{Carrington,
   author = {{Carrington}, R.~C.},
    title = "{Description of a Singular Appearance seen in the Sun on September 1, 1859}",
  journal = {Monthly Notices of the Royal Astronomical Society},
     year = 1859,
    month = nov,
   volume = 20,
    pages = {13-15},
   adsurl = {http://adsabs.harvard.edu/abs/1859MNRAS..20...13C},
  adsnote = {Provided by the SAO/NASA Astrophysics Data System}
}

@ARTICLE{Chapman,
   author = {{Chapman}, S. and {Ferraro}, V.~C.~A.},
    title = "{A new theory of magnetic storms}",
  journal = {Terrestrial Magnetism and Atmospheric Electricity (Journal of Geophysical Research)},
     year = 1931,
   volume = 36,
    pages = {77},
      doi = {10.1029/TE036i002p00077},
   adsurl = {http://adsabs.harvard.edu/abs/1931TeMAE..36...77C},
  adsnote = {Provided by the SAO/NASA Astrophysics Data System}
}

@MISC{CCMC,
author = {CCMC},
title = {Community Coordinated Modeling Center},
url = {http://ccmc.gsfc.nasa.gov/},
urldate = {2013-08-26}
}

@MISC{NOAAScale,
author = {National Oceanic and Atmospheric Administration},
title = {{NOAA Space Weather Scales}},
url = {http://www.swpc.noaa.gov/NOAAscales/},
urldate = {2013-09-16},
year = {2005}
}


@ARTICLE{ExtremeEvents,
   author = {{Ghil}, M. and {Yiou}, P. and {Hallegatte}, S. and {Malamud}, B.~D. and 
	{Naveau}, P. and {Soloviev}, A. and {Friederichs}, P. and {Keilis-Borok}, V. and 
	{Kondrashov}, D. and {Kossobokov}, V. and {Mestre}, O. and {Nicolis}, C. and 
	{Rust}, H.~W. and {Shebalin}, P. and {Vrac}, M. and {Witt}, A. and 
	{Zaliapin}, I.},
    title = "{Extreme events: dynamics, statistics and prediction}",
  journal = {Nonlinear Processes in Geophysics},
     year = 2011,
    month = may,
   volume = 18,
    pages = {295-350},
      doi = {10.5194/npg-18-295-2011},
   adsurl = {http://adsabs.harvard.edu/abs/2011NPGeo..18..295G},
  adsnote = {Provided by the SAO/NASA Astrophysics Data System}
}

@ARTICLE{Yermolaev,
   author = {{Yermolaev}, Y.~I. and {Yermolaev}, M.~Y.},
    title = "{Statistic study on the geomagnetic storm effectiveness of solar and interplanetary events}",
  journal = {Advances in Space Research},
     year = 2006,
   volume = 37,
    pages = {1175-1181},
      doi = {10.1016/j.asr.2005.03.130},
   adsurl = {http://adsabs.harvard.edu/abs/2006AdSpR..37.1175Y},
  adsnote = {Provided by the SAO/NASA Astrophysics Data System},
}


@ARTICLE{StormDefinition,
   author = {{Gosling}, J.~T. and {McComas}, D.~J. and {Phillips}, J.~L. and 
	{Bame}, S.~J.},
    title = "{Geomagnetic activity associated with earth passage of interplanetary shock disturbances and coronal mass ejections}",
  journal = {Journal Of Geophysical Research},
 keywords = {SHOCK WAVES, SOLAR ACTIVITY EFFECTS, SOLAR CORONA, SOLAR WIND, STELLAR MASS EJECTION, INTERPLANETARY MAGNETIC FIELDS, MAGNETIC STORMS, MAGNETOACTIVITY, SOLAR ELECTRONS},
     year = 1991,
    month = may,
   volume = 96,
    pages = {7831-7839},
      doi = {10.1029/91JA00316},
   adsurl = {http://adsabs.harvard.edu/abs/1991JGR....96.7831G},
  adsnote = {Provided by the SAO/NASA Astrophysics Data System}
}


@ARTICLE{1989Storm,
   author = {{Allen}, J. and {Frank}, L. and {Sauer}, H. and {Reiff}, P.},
    title = "{Effects of the March 1989 solar activity}",
  journal = {EOS Transactions},
 keywords = {MAGNETIC STORMS, RADIO AURORAS, SATELLITE IMAGERY, SOLAR ACTIVITY EFFECTS, SOLAR TERRESTRIAL INTERACTIONS, COSMIC RAYS, EARTH MAGNETOSPHERE, RADIATION BELTS, SOLAR FLARES, STATIONARY ORBITS},
     year = 1989,
    month = nov,
   volume = 70,
    pages = {1479},
      doi = {10.1029/89EO00409},
   adsurl = {http://adsabs.harvard.edu/abs/1989EOSTr..70.1479A},
  adsnote = {Provided by the SAO/NASA Astrophysics Data System}
}

@ARTICLE{StormSources,
   author = {{Zhang}, J. and {Richardson}, I.~G. and {Webb}, D.~F. and {Gopalswamy}, N. and 
	{Huttunen}, E. and {Kasper}, J.~C. and {Nitta}, N.~V. and {Poomvises}, W. and 
	{Thompson}, B.~J. and {Wu}, C.-C. and {Yashiro}, S. and {Zhukov}, A.~N.
	},
    title = "{Solar and interplanetary sources of major geomagnetic storms (Dst $\leq$ -100 nT) during 1996-2005}",
  journal = {Journal of Geophysical Research (Space Physics)},
 keywords = {Solar Physics, Astrophysics, and Astronomy: Coronal mass ejections (2101), Interplanetary Physics: Corotating streams, Interplanetary Physics: Ejecta, driver gases, and magnetic clouds, Magnetospheric Physics: Magnetic storms and substorms (7954), and Astronomy: Corona, geomagnetic storm, CME, ICME},
     year = 2007,
    month = oct,
   volume = 112,
      eid = {A10102},
    pages = {10102},
      doi = {10.1029/2007JA012321},
   adsurl = {http://adsabs.harvard.edu/abs/2007JGRA..11210102Z},
  adsnote = {Provided by the SAO/NASA Astrophysics Data System},
}

@ARTICLE{VBzDST,
   author = {{Clauer}, C.~R. and {McPherron}, R.~L. and {Searls}, C. and 
	{Kivelson}, M.~G.},
    title = "{Solar wind control of auroral zone geomagnetic activity}",
  journal = grl,
 keywords = {AURORAL ZONES, EARTH MAGNETOSPHERE, GEOMAGNETISM, INTERPLANETARY MAGNETIC FIELDS, SOLAR TERRESTRIAL INTERACTIONS, SOLAR WIND VELOCITY, COMPUTER PROGRAMS, DATA REDUCTION, LEAST SQUARES METHOD, LINEAR PREDICTION, LOW PASS FILTERS, PLASMA INTERACTIONS},
     year = 1981,
    month = aug,
   volume = 8,
    pages = {915-918},
      doi = {10.1029/GL008i008p00915},
   adsurl = {http://adsabs.harvard.edu/abs/1981GeoRL...8..915C},
  adsnote = {Provided by the SAO/NASA Astrophysics Data System}
}

@ARTICLE{VBzAL,
   author = {{Bargatze}, L.~F. and {Baker}, D.~N. and {Hones}, Jr., E.~W. and 
	{McPherron}, R.~L.},
    title = "{Magnetospheric impulse response for many levels of geomagnetic activity}",
  journal = jgr,
 keywords = {EARTH MAGNETOSPHERE, GEOMAGNETIC PULSATIONS, SOLAR TERRESTRIAL INTERACTIONS, SOLAR WIND, AURORAS, LINEAR PREDICTION, TIME SERIES ANALYSIS},
     year = 1985,
    month = jul,
   volume = 90,
    pages = {6387-6394},
      doi = {10.1029/JA090iA07p06387},
   adsurl = {http://adsabs.harvard.edu/abs/1985JGR....90.6387B},
  adsnote = {Provided by the SAO/NASA Astrophysics Data System}
}

@ARTICLE{ARXEqn,
   author = {{Klimas}, A.~J. and {Vassiliadis}, D. and {Baker}, D.~N.},
    title = "{Dst index prediction using data-derived analogues of the magnetospheric dynamics}",
  journal = jgr,
 keywords = {Magnetospheric Physics: Solar wind/magnetosphere interactions},
     year = 1998,
    month = sep,
   volume = 103,
    pages = {20435-20448},
      doi = {10.1029/98JA01559},
   adsurl = {http://adsabs.harvard.edu/abs/1998JGR...10320435K},
  adsnote = {Provided by the SAO/NASA Astrophysics Data System}
}


@ARTICLE{Coupling,
   author = {{Vassiliadis}, D. and {Weigel}, R.~S. and {Baker}, D.~N. and 
	{Kanekal}, S.~G. and {Klimas}, A.~J.},
    title = "{Probing the solar wind-inner magnetospheric coupling: validation of relativistic electron flux models}",
  journal = {Journal of Atmospheric and Solar-Terrestrial Physics},
     year = 2004,
    month = oct,
   volume = 66,
    pages = {1399-1409},
      doi = {10.1016/j.jastp.2004.03.025},
   adsurl = {http://adsabs.harvard.edu/abs/2004JASTP..66.1399V},
  adsnote = {Provided by the SAO/NASA Astrophysics Data System}
}

@ARTICLE{Heidke,
	author 	= {{Heidke}, P.},
	title 	= "{Berechnung des Erfolges und der G\"{u}te der Windst\"{a}rkevorhersagen im Sturmwarnungsdienst}",
	journal = {Geografiska Annaler},
	volume	= 8,
	year 		= {1926},
	pages		= {310-349},
	url			= {http://www.jstor.org/stable/519729?seq=4},
	urldate	=	{2013-10-10}
}

@ARTICLE{Brier,
	author	= {{Brier}, G. and {Allen}, R.},
	title		= "{Verification of Weather Forecasts}",
	journal	= {Compendium of Meteorology},
	year		= 1951,
	pages		= {841-848},
	url			= {http://archive.org/stream/compendiumofmete00amer#page/840/mode/2up},
	urldate	= {2013-10-10}
}


@ARTICLE{WeigelDecision,
   author = {{Weigel}, R.~S. and {Detman}, T. and {Rigler}, E.~J. and {Baker}, D.~N.
	},
    title = "{Decision theory and the analysis of rare event space weather forecasts}",
  journal = {Space Weather},
 keywords = {decision theory, rare events, space weather},
     year = 2006,
    month = may,
   volume = 4,
      eid = {05002},
    pages = {5002},
      doi = {10.1029/2005SW000157},
   adsurl = {http://adsabs.harvard.edu/abs/2006SpWea...4.5002W},
  adsnote = {Provided by the SAO/NASA Astrophysics Data System}
}

@ARTICLE{PowerLaw,
   author = {{Riley}, P.},
    title = "{On the probability of occurrence of extreme space weather events}",
  journal = {Space Weather},
 keywords = {space weather},
     year = 2012,
    month = feb,
   volume = 10,
      eid = {02012},
    pages = {2012},
      doi = {10.1029/2011SW000734},
   adsurl = {http://adsabs.harvard.edu/abs/2012SpWea..10.2012R},
  adsnote = {Provided by the SAO/NASA Astrophysics Data System}
}


@ARTICLE{SWMF,
   author = {{T{\'o}th}, G. and {van der Holst}, B. and {Sokolov}, I.~V. and 
	{de Zeeuw}, D.~L. and {Gombosi}, T.~I. and {Fang}, F. and {Manchester}, W.~B. and 
	{Meng}, X. and {Najib}, D. and {Powell}, K.~G. and {Stout}, Q.~F. and 
	{Glocer}, A. and {Ma}, Y.-J. and {Opher}, M.},
    title = "{Adaptive numerical algorithms in space weather modeling}",
  journal = {Journal of Computational Physics},
     year = 2012,
    month = feb,
   volume = 231,
    pages = {870-903},
      doi = {10.1016/j.jcp.2011.02.006},
   adsurl = {http://adsabs.harvard.edu/abs/2012JCoPh.231..870T},
  adsnote = {Provided by the SAO/NASA Astrophysics Data System}
}

@ARTICLE{Seasons,
   author = {{Wiltberger}, M. and {Weigel}, R.~S. and {Lotko}, W. and {Fedder}, J.~A.
	},
    title = "{Modeling seasonal variations of auroral particle precipitation in a global-scale magnetosphere-ionosphere simulation}",
  journal = {Journal of Geophysical Research (Space Physics)},
 keywords = {Magnetospheric Physics: Magnetosphere/ionosphere interactions (2431), Ionosphere: Auroral ionosphere (2704), Magnetospheric Physics: Energetic particles: precipitating, Magnetospheric Physics: Field-aligned currents and current systems (2409)},
     year = 2009,
    month = jan,
   volume = 114,
      eid = {A01204},
    pages = {1204},
      doi = {10.1029/2008JA013108},
   adsurl = {http://adsabs.harvard.edu/abs/2009JGRA..114.1204W},
  adsnote = {Provided by the SAO/NASA Astrophysics Data System}
}

@ARTICLE{DOYvar,
   author = {{Weigel}, R.~S.},
    title = "{Solar wind time history contribution to the day-of-year variation in geomagnetic activity}",
  journal = {Journal of Geophysical Research (Space Physics)},
 keywords = {Space Plasma Physics: Mathematical and numerical techniques (0500, 3200), Space Plasma Physics: General or miscellaneous, Ionosphere: Current systems (2721), Ionosphere: Ionospheric disturbances, Ionosphere: General or miscellaneous, geomagnetic, solar wind, time delay},
     year = 2007,
    month = oct,
   volume = 112,
      eid = {A10207},
    pages = {10207},
      doi = {10.1029/2007JA012324},
   adsurl = {http://adsabs.harvard.edu/abs/2007JGRA..11210207W},
  adsnote = {Provided by the SAO/NASA Astrophysics Data System}
}

@ARTICLE{RadBeltForecast,
   author = {{Horne}, R.~B. and {Glauert}, S.~A. and {Meredith}, N.~P. and 
	{Boscher}, D. and {Maget}, V. and {Heynderickx}, D. and {Pitchford}, D.
	},
    title = "{Space weather impacts on satellites and forecasting the Earth's electron radiation belts with SPACECAST}",
  journal = {Space Weather},
 keywords = {radiation belts, forecasting, satellites},
     year = 2013,
    month = apr,
   volume = 11,
    pages = {169-186},
      doi = {10.1002/swe.20023},
   adsurl = {http://adsabs.harvard.edu/abs/2013SpWea..11..169H},
  adsnote = {Provided by the SAO/NASA Astrophysics Data System}
}

@ARTICLE{NewGOES,
   author = {{Goodman}, S.~J. and {Blakeslee}, R.~J. and {Koshak}, W.~J. and 
	{Mach}, D. and {Bailey}, J. and {Buechler}, D. and {Carey}, L. and 
	{Schultz}, C. and {Bateman}, M. and {McCaul}, E. and {Stano}, G.
	},
    title = "{The GOES-R Geostationary Lightning Mapper (GLM)}",
  journal = {Atmospheric Research},
 keywords = {Lightning, Thunderstorms, Satellite meteorology, Nowcasting},
     year = 2013,
    month = may,
   volume = 125,
    pages = {34-49},
      doi = {10.1016/j.atmosres.2013.01.006},
   adsurl = {http://adsabs.harvard.edu/abs/2013AtmRe.125...34G},
  adsnote = {Provided by the SAO/NASA Astrophysics Data System}
}

@book{Maunder,
	title = {The Maunder Minimum and the Variable Sun-earth Connection},
	isbn = {9789812382757},
	language = {en},
	publisher = {World Scientific},
	author = {Soon, Willie and Yaskell, Steven H.},
	year = {2003},
	pages = {130},
	keywords = {Science / Astronomy, Science / Earth Sciences / Meteorology \& Climatology, Science / Paleontology, Science / Physics / Astrophysics, Science / Physics / Geophysics}
}


@MISC{HistMagnetometer,
author = {{Snare}, R.},
title = {{A History of Vector Magnetometery in Space}},
url = {http://www-ssc.igpp.ucla.edu/personnel/russell/ESS265/History.html},
urldate = {2013-10-28},
iyear = 2013}
}

@ARTICLE{StatCompStorms,
   author = {{Zhang}, J. and {Liemohn}, M.~W. and {Kozyra}, J.~U. and {Thomsen}, M.~F. and 
	{Elliott}, H.~A. and {Weygand}, J.~M.},
    title = "{A statistical comparison of solar wind sources of moderate and intense geomagnetic storms at solar minimum and maximum}",
  journal = {Journal of Geophysical Research (Space Physics)},
 keywords = {Interplanetary Physics: Solar cycle variations (7536), Magnetospheric Physics: Magnetic storms and substorms (7954), Interplanetary Physics: Interplanetary magnetic fields, Interplanetary Physics: Solar wind plasma, Magnetospheric Physics: Solar wind/magnetosphere interactions, magnetic indices, storms, solar wind/magnetospheric interactions, space weather},
     year = 2006,
    month = jan,
   volume = 111,
      eid = {A01104},
    pages = {1104},
      doi = {10.1029/2005JA011065},
   adsurl = {http://adsabs.harvard.edu/abs/2006JGRA..111.1104Z},
  adsnote = {Provided by the SAO/NASA Astrophysics Data System}
}

@MISC{Denton,
author	=	{{Denton}, R.},
title		=	"{Database of Input Parameters for Tsyganenko Magnetic Field Modles}",
year		=	2007,
url	=	{http://www.dartmouth.edu/~rdenton/magpar/index.html},
urldate	=	{2013-10-28}
}

@misc{LP,
        title = {Linear programming},
        copyright = {Creative Commons Attribution-{ShareAlike} License},
        url = {http://en.wikipedia.org/w/index.php?title=Linear_programming&oldid=578751371},
        abstract = {Linear programming ({LP}, or linear optimization) is a mathematical method for determining a way to achieve the best outcome (such as maximum profit or lowest cost) in a given mathematical model for some list of requirements represented as linear relationships. Linear programming is a specific case of mathematical programming (mathematical optimization).},
        language = {en},
        urldate = {2013-11-04},
        journal = {Wikipedia, the free encyclopedia},
        month = oct,
        year = {2013},
        note = {Page Version {ID:} 578751371},
}

@ARTICLE{ANNforecast,
   author = {{Bala}, R. and {Reiff}, P.},
    title = "{Improvements in short-term forecasting of geomagnetic activity}",
  journal = {Space Weather},
 keywords = {Boyle Index, Natural Hazards: Space weather (2101, 2788, 7900), Space Weather: Forecasting (1922, 2722, 4315), Space Weather: General or miscellaneous},
     year = 2012,
    month = jun,
   volume = 10,
      eid = {S06001},
    pages = {6001},
      doi = {10.1029/2012SW000779},
   adsurl = {http://adsabs.harvard.edu/abs/2012SpWea..10.6001B},
  adsnote = {Provided by the SAO/NASA Astrophysics Data System}
}

@ARTICLE{NNARMA,
   author = {{Hernandez}, J.~V. and {Tajima}, T. and {Horton}, W.},
    title = "{Neural net forecasting for geomagnetic activity}",
  journal = grl,
 keywords = {Earth Magnetosphere, Forecasting, Geomagnetism, Interplanetary Magnetic Fields, Neural Nets, Solar Wind, Mathematical Models, Nonlinear Filters, Solar Planetary Interactions},
     year = 1993,
    month = dec,
   volume = 20,
    pages = {2707-2710},
      doi = {10.1029/93GL02848},
   adsurl = {http://adsabs.harvard.edu/abs/1993GeoRL..20.2707H},
  adsnote = {Provided by the SAO/NASA Astrophysics Data System}
}

@ARTICLE{StormModel,
   author = {{Tsyganenko}, N.~A. and {Sitnov}, M.~I.},
    title = "{Modeling the dynamics of the inner magnetosphere during strong geomagnetic storms}",
  journal = {Journal of Geophysical Research (Space Physics)},
 keywords = {Magnetospheric Physics: Magnetosphere: inner, Magnetospheric Physics: Magnetospheric configuration and dynamics, Magnetospheric Physics: Numerical modeling, Magnetospheric Physics: Magnetic storms and substorms (7954), Space Weather: Models, magnetosphere, modeling, geomagnetic storms},
     year = 2005,
    month = mar,
   volume = 110,
      eid = {A03208},
    pages = {3208},
      doi = {10.1029/2004JA010798},
   adsurl = {http://adsabs.harvard.edu/abs/2005JGRA..110.3208T},
  adsnote = {Provided by the SAO/NASA Astrophysics Data System}
}

@ARTICLE{SunspotStorms,
   author = {{Richardson}, R.~S.},
    title = "{Sun-Spots and Magnetic Storms}",
  journal = {Leaflet of the Astronomical Society of the Pacific},
     year = 1936,
   volume = 2,
    pages = {133},
   adsurl = {http://adsabs.harvard.edu/abs/1936ASPL....2..133R},
  adsnote = {Provided by the SAO/NASA Astrophysics Data System}
}

@ARTICLE{Weigel2010,
   author = {{Weigel}, R.~S.},
    title = "{Solar wind density influence on geomagnetic storm intensity}",
  journal = {Journal of Geophysical Research (Space Physics)},
 keywords = {Magnetospheric Physics: Magnetic storms and substorms (7954), Magnetospheric Physics: Magnetosphere: inner, Magnetospheric Physics: Ring current, Magnetospheric Physics: Solar wind/magnetosphere interactions},
     year = 2010,
    month = sep,
   volume = 115,
      eid = {A09201},
    pages = {9201},
      doi = {10.1029/2009JA015062},
   adsurl = {http://adsabs.harvard.edu/abs/2010JGRA..115.9201W},
  adsnote = {Provided by the SAO/NASA Astrophysics Data System}
}

@MISC{InnerMagNASA,
author="NASA",
title="Earths Magnetosphere",
url={https://www.nasa.gov/mission_pages/sunearth/science/inner-mag-mos.html},
urldate={Accessed: 2016-01-04}
}


@Book{MagnetoHistory,
 author = {Newell, Homer},
 title = {Beyond the Atmosphere Early Years of Space Science},
 publisher = {Dover Publications},
 year = {2011},
 address = {City},
 isbn = {0486135659},
 url = {http://history.nasa.gov/SP-4211/contents.htm},
 urldate	=	{2016-01-06}
 }
 
 

@article {RingCurrentMapping,
author = {Stern, David P.},
title = {The Art of Mapping the Magnetosphere},
journal = {Journal of Geophysical Research: Space Physics},
volume = {99},
number = {A9},
issn = {2156-2202},
url = {http://dx.doi.org/10.1029/94JA01239},
doi = {10.1029/94JA01239},
pages = {17169--17198},
keywords = {Instruments and techniques, Magnetospheric configuration and dynamics},
year = {1994},
}

@Book{EarthsPlasmasphere,
 author = {Lemaire, J},
 title = {The Earth's Plasmasphere},
 publisher = {Cambridge University Press},
 year = {1998},
 address = {Cambridge, U.K. New York},
 isbn = {9780521430913}
 }

@ARTICLE{ErosionRecoveryPlasmasphere,
   author = {{Carpenter}, D.~L. and {Lemaire}, J.},
    title = "{Erosion and Recovery of the Plasmasphere in the Plasmapause Region}",
  journal = {Space Science Reviews},
     year = 1997,
    month = apr,
   volume = 80,
    pages = {153-179},
      doi = {10.1023/A:1004981919827},
   adsurl = {http://adsabs.harvard.edu/abs/1997SSRv...80..153C},
  adsnote = {Provided by the SAO/NASA Astrophysics Data System}
}

@ARTICLE{EvolutionPlasmasphericIons,
   author = {{Elphic}, R.~C. and {Weiss}, L.~A. and {Thomsen}, M.~F. and 
	{McComas}, D.~J. and {Moldwin}, M.~B.},
    title = "{Evolution of plasmaspheric ions at geosynchronous orbit during times of high geomagnetic activity}",
  journal = {Geophysical Research Letters},
 keywords = {Magnetospheric Physics: Plasmasphere, Magnetospheric Physics: Plasma convection, Magnetospheric Physics: Electric fields (2411), Magnetospheric Physics: Storms and substorms},
     year = 1996,
   volume = 23,
    pages = {2189-2192},
      doi = {10.1029/96GL02085},
   adsurl = {http://adsabs.harvard.edu/abs/1996GeoRL..23.2189E},
  adsnote = {Provided by the SAO/NASA Astrophysics Data System}
}

@ARTICLE{LinksBetweenPlasmapauseRadiationBelt,
   author = {{Darrouzet}, F. and {Pierrard}, V. and {Benck}, S. and {Lointier}, G. and 
	{Cabrera}, J. and {Borremans}, K. and {Ganushkina}, N.~Y. and 
	{Keyser}, J.~D.},
    title = "{Links between the plasmapause and the radiation belt boundaries as observed by the instruments CIS, RAPID, and WHISPER onboard Cluster}",
  journal = {Journal of Geophysical Research (Space Physics)},
 keywords = {plasmapause, radiation belts, inner magnetosphere},
     year = 2013,
    month = jul,
   volume = 118,
    pages = {4176-4188},
      doi = {10.1002/jgra.50239},
   adsurl = {http://adsabs.harvard.edu/abs/2013JGRA..118.4176D},
  adsnote = {Provided by the SAO/NASA Astrophysics Data System}
}

@ARTICLE{LongTermVariationsSlotRegion,
   author = {{Fung}, S.~F. and {Shao}, X. and {Tan}, L.~C.},
    title = "{Long-term variations of the electron slot region and global radiation belt structure}",
  journal = {\grl},
 keywords = {Magnetospheric Physics: Radiation belts, Magnetospheric Physics: Magnetospheric configuration and dynamics, Magnetospheric Physics: Magnetosphere: inner, Magnetospheric Physics: Energetic particles: trapped, Magnetospheric Physics: Energetic particles: precipitating},
     year = 2006,
    month = feb,
   volume = 33,
      eid = {L04105},
    pages = {L04105},
      doi = {10.1029/2005GL024891},
   adsurl = {http://adsabs.harvard.edu/abs/2006GeoRL..33.4105F},
  adsnote = {Provided by the SAO/NASA Astrophysics Data System}
}

@Book{IntroductionToGeomagneticallyTrapped,
	author = {Walt, Martin},
	title = {Introduction to Geomagnetically Trapped Radiation},
	publisher = {Cambridge University Press},
	year = {1994},
	address = {Cambridge New York},
	isbn = {9780521431439}
}

@MISC{LinksBetweenPlasmapauseRadiationBeltFig,
	author = {{Carreau}, C.},
	title = {{Earth's plasmasphere and the Van Allen belts}},
	year = 2013,
	month = sep,
	url = {http://sci.esa.int/cluster/52831-earth-plasmasphere-and-the-van-allen-belts/},
	urldate={Accessed: 2016-01-27}
	}
	
	@ARTICLE{Moldwin2002ModelPlasmapause,
		author = {{Moldwin}, M.~B. and {Downward}, L. and {Rassoul}, H.~K. and 
		{Amin}, R. and {Anderson}, R.~R.},
		title = "{A new model of the location of the plasmapause: CRRES results}",
		journal = {Journal of Geophysical Research (Space Physics)},
		keywords = {Magnetospheric Physics: Magnetosphere-inner, Magnetospheric Physics: Magnetospheric configuration and dynamics, Magnetospheric Physics: Magnetosphere/ionosphere interactions, Magnetospheric Physics: Plasmasphere, plasmasphere, plasmapause, inner magnetosphere},
		year = 2002,
		month = nov,
		volume = 107,
		eid = {1339},
		pages = {1339},
		doi = {10.1029/2001JA009211},
		adsurl = {http://adsabs.harvard.edu/abs/2002JGRA..107.1339M},
		adsnote = {Provided by the SAO/NASA Astrophysics Data System}
	}
	
	@ARTICLE{Gallagher2000GlobalCore,
		author = {{Gallagher}, D.~L. and {Craven}, P.~D. and {Comfort}, R.~H.},
		title = "{Global core plasma model}",
		journal = {\jgr},
		keywords = {Magnetospheric Physics},
		year = 2000,
		month = aug,
		volume = 105,
		pages = {18},
		doi = {10.1029/1999JA000241},
		adsurl = {http://adsabs.harvard.edu/abs/2000JGR...10518819G},
		adsnote = {Provided by the SAO/NASA Astrophysics Data System}
	}
	
	@ARTICLE{Gallagher1995AzimuthalVariation,
		author = {{Gallagher}, D.~L. and {Craven}, P.~D. and {Comfort}, R.~H. and 
		{Moore}, T.~E.},
		title = "{On the azimuthal variation of core plasma in the equatorial magnetosphere}",
		journal = {\jgr},
		keywords = {Magnetospheric Physics: Plasmasphere, Magnetospheric Physics: Electric fields, Magnetospheric Physics: Magnetospheric configuration and dynamics, Magnetospheric Physics: Plasma convection},
		year = 1995,
		month = dec,
		volume = 100,
		pages = {23597-23606},
		doi = {10.1029/95JA02100},
		adsurl = {http://adsabs.harvard.edu/abs/1995JGR...10023597G},
		adsnote = {Provided by the SAO/NASA Astrophysics Data System}
	}
	
	
	@ARTICLE{Carpenter1992ISEEModel,
		author = {{Carpenter}, D.~L. and {Anderson}, R.~R.},
		title = "{An ISEE/Whistler model of equatorial electron density in the magnetosphere}",
		journal = {\jgr},
		keywords = {Equatorial Regions, Magnetospheric Electron Density, Whistlers, Magnetosphere-Ionosphere Coupling, Models, Satellite Observation, Space Plasmas, Wave-Particle Interactions},
		year = 1992,
		month = feb,
		volume = 97,
		pages = {1097-1108},
		doi = {10.1029/91JA01548},
		adsurl = {http://adsabs.harvard.edu/abs/1992JGR....97.1097C},
		adsnote = {Provided by the SAO/NASA Astrophysics Data System}
	}
	
	@ARTICLE{OBrien2003EmpiricalPlasmapause,
		author = {{O'Brien}, T.~P. and {Moldwin}, M.~B.},
		title = "{Empirical plasmapause models from magnetic indices}",
		journal = {\grl},
		keywords = {Magnetospheric Physics: Plasmasphere, Magnetospheric Physics: Plasma convection, Magnetospheric Physics: Magnetospheric configuration and dynamics, Magnetospheric Physics: Electric fields (2411), Magnetospheric Physics: Magnetosphere-inner,},
		year = 2003,
		month = feb,
		volume = 30,
		eid = {1152},
		pages = {1-1},
		doi = {10.1029/2002GL016007},
		adsurl = {http://adsabs.harvard.edu/abs/2003GeoRL..30.1152O},
		adsnote = {Provided by the SAO/NASA Astrophysics Data System}
	}
	
	@ARTICLE{Thomsen2004WhyKpSoGood,
		author = {{Thomsen}, M.~F.},
		title = "{Why Kp is such a good measure of magnetospheric convection}",
		journal = {Space Weather},
		keywords = {Magnetospheric Physics: Magnetospheric configuration and dynamics, History of Geophysics: Solar/planetary relationships, Ionosphere: Ionosphere/magnetosphere interactions (2736), Magnetospheric Physics: Plasma convection},
		year = 2004,
		month = nov,
		volume = 2,
		eid = {S11004},
		pages = {S11004},
		doi = {10.1002/2004SW000089},
		adsurl = {http://adsabs.harvard.edu/abs/2004SpWea...211004T},
		adsnote = {Provided by the SAO/NASA Astrophysics Data System}
	}
	
	@ARTICLE{DavisSugiura1966AE,
		author = {{Davis}, T.~N. and {Sugiura}, M.},
		title = "{Auroral electrojet activity index AE and its universal time variations}",
		journal = {\jgr},
		keywords = {Particles and Fields in the Earth's Magnetosphere: Magnetic storms, Particles and Fields in the Ionosphere: High-latitude ionospheric currents, Particles and Fields in the Ionosphere: Auroral-zone magnetic effects},
		year = 1966,
		month = feb,
		volume = 71,
		pages = {785-801},
		doi = {10.1029/JZ071i003p00785},
		adsurl = {http://adsabs.harvard.edu/abs/1966JGR....71..785D},
		adsnote = {Provided by the SAO/NASA Astrophysics Data System}
	}
	
	@ARTICLE{Takahashi2010SolarCycleVariation,
		author = {{Takahashi}, K. and {Denton}, R.~E. and {Singer}, H.~J.},
		title = "{Solar cycle variation of geosynchronous plasma mass density derived from the frequency of standing Alfv{\'e}n waves}",
		journal = {Journal of Geophysical Research (Space Physics)},
		keywords = {Magnetospheric Physics: Magnetospheric configuration and dynamics, Magnetospheric Physics: Magnetosphere: outer, Magnetospheric Physics: MHD waves and instabilities (2149, 6050, 7836), Magnetospheric Physics: Magnetosphere/ionosphere interactions (2431), Interplanetary Physics: Solar cycle variations (7536)},
		year = 2010,
		month = jul,
		volume = 115,
		eid = {A07207},
		pages = {A07207},
		doi = {10.1029/2009JA015243},
		adsurl = {http://adsabs.harvard.edu/abs/2010JGRA..115.7207T},
		adsnote = {Provided by the SAO/NASA Astrophysics Data System}
	}
	
	@ARTICLE{Kondrashov2014ReconstructionOfGaps,
		author = {{Kondrashov}, D. and {Denton}, R. and {Shprits}, Y.~Y. and {Singer}, H.~J.
		},
		title = "{Reconstruction of gaps in the past history of solar wind parameters}",
		journal = {\grl},
		keywords = {solar wind, reconstruction, gaps, singular spectrum analysis},
		year = 2014,
		month = apr,
		volume = 41,
		pages = {2702-2707},
		doi = {10.1002/2014GL059741},
		adsurl = {http://adsabs.harvard.edu/abs/2014GeoRL..41.2702K},
		adsnote = {Provided by the SAO/NASA Astrophysics Data System}
	}
	
	@MISC{GOESDataSource,
	title={{Access to GOES SEM data}},
	url={https://www.ngdc.noaa.gov/stp/satellite/goes/dataaccess.html},
	urldate={Accessed: 2016-02-09}
	}
	
	@ARTICLE{Lotoaniu1999PlasmaMassDensity,
		author = {{Loto'aniu}, T.~M. and {Waters}, C.~L. and {Fraser}, B.~J. and 
		{Samson}, J.~C.},
		title = "{Plasma mass density in the plasmatrough: Comparison using ULF waves and CRRES}",
		journal = {\grl},
		keywords = {Magnetospheric Physics: Magnetospheric configuration and dynamics, Magnetospheric Physics: MHD waves and instabilities, Magnetospheric Physics: Plasma waves and instabilities, Magnetospheric Physics: Instruments and techniques},
		year = 1999,
		volume = 26,
		pages = {3277-3280},
		doi = {10.1029/1999GL003641},
		adsurl = {http://adsabs.harvard.edu/abs/1999GeoRL..26.3277L},
		adsnote = {Provided by the SAO/NASA Astrophysics Data System}
	}
	
	@ARTICLE{Takahashi2006MassDensityInferred,
		author = {{Takahashi}, K. and {Denton}, R.~E. and {Anderson}, R.~R. and 
		{Hughes}, W.~J.},
		title = "{Mass density inferred from toroidal wave frequencies and its comparison to electron density}",
		journal = {Journal of Geophysical Research (Space Physics)},
		keywords = {Magnetospheric Physics: MHD waves and instabilities (2149, 6050, 7836), Magnetospheric Physics: Magnetosphere: inner, Magnetospheric Physics: Magnetospheric configuration and dynamics, Magnetospheric Physics: Ring current, Magnetospheric Physics: Magnetic storms and substorms (7954), mass density, ion mass, inner magnetosphere, ULF waves, toroidal mode, CRRES},
		year = 2006,
		month = jan,
		volume = 111,
		eid = {A01201},
		pages = {A01201},
		doi = {10.1029/2005JA011286},
		adsurl = {http://adsabs.harvard.edu/abs/2006JGRA..111.1201T},
		adsnote = {Provided by the SAO/NASA Astrophysics Data System}
	}
	
	@ARTICLE{Keling2009AlfvenWaves,
		author = {{Keiling}, A.},
		title = "{Alfv{\'e}n Waves and Their Roles in the Dynamics of the Earth's Magnetotail: A Review}",
		journal = {\ssr},
		keywords = {Alfv{\'e}n wave, Magnetotail, Energy transport, Earth's magnetosphere, Earth{\rsquo}s magnetosphere},
		year = 2009,
		month = feb,
		volume = 142,
		pages = {73-156},
		doi = {10.1007/s11214-008-9463-8},
		adsurl = {http://adsabs.harvard.edu/abs/2009SSRv..142...73K},
		adsnote = {Provided by the SAO/NASA Astrophysics Data System}
	}
	
	@ARTICLE{Young2008MagneticFieldLineCurvature,
		author = {{Young}, S.~L. and {Denton}, R.~E. and {Anderson}, B.~J. and 
		{Hudson}, M.~K.},
		title = "{Magnetic field line curvature induced pitch angle diffusion in the inner magnetosphere}",
		journal = {Journal of Geophysical Research (Space Physics)},
		keywords = {pitch angle diffusion, field line curvature, radiation belts., pitch angle diffusion, field line curvature, radiation belts},
		year = 2008,
		month = mar,
		volume = 113,
		eid = {A03210},
		pages = {A03210},
		doi = {10.1029/2006JA012133},
		adsurl = {http://adsabs.harvard.edu/abs/2008JGRA..113.3210Y},
		adsnote = {Provided by the SAO/NASA Astrophysics Data System}
	}

@ARTICLE{OMNIWebKing2005,
	author = {{King}, J.~H. and {Papitashvili}, N.~E.},
	title = "{Solar wind spatial scales in and comparisons of hourly Wind and ACE plasma and magnetic field data}",
	journal = {Journal of Geophysical Research (Space Physics)},
	keywords = {Interplanetary Physics: Interplanetary magnetic fields, Interplanetary Physics: Solar wind plasma, Interplanetary Physics: Instruments and techniques, Interplanetary Physics: Solar cycle variations (7536), solar wind},
	year = 2005,
	month = feb,
	volume = 110,
	eid = {A02104},
	pages = {A02104},
	doi = {10.1029/2004JA010649},
	adsurl = {http://adsabs.harvard.edu/abs/2005JGRA..110.2104K},
	adsnote = {Provided by the SAO/NASA Astrophysics Data System}
}